% This file was created with JabRef 2.6.
% Encoding: UTF-8

@book{adler2009random,
  title={Random fields and geometry},
  author={Adler, Robert J and Taylor, Jonathan E},
  year={2009},
  publisher={Springer Science \& Business Media}
}

@book{agresti2018introduction,
  title={An introduction to categorical data analysis},
  author={Agresti, Alan},
  year={2018},
  publisher={Wiley}
}

@misc{anstee2016worldwide,
  title={Worldwide Infrastructure Security Report, Vol 9},
  author={Anstee, Darren and Bowen, Paul and Chui, C.F. and Sockrider, Gary},
  year={2016}
}

@article{arias2017distribution1,
  title={Distribution-free tests for sparse heterogeneous mixtures},
  author={Arias-Castro, Ery and Wang, Meng},
  journal={Test},
  volume={26},
  number={1},
  pages={71--94},
  year={2017},
  publisher={Springer}
}

@article{arias2017distribution,
  title={Distribution-free multiple testing},
  author={Arias-Castro, Ery and Chen, Shiyun},
  journal={Electronic Journal of Statistics},
  volume={11},
  number={1},
  pages={1983--2001},
  year={2017},
  publisher={The Institute of Mathematical Statistics and the Bernoulli Society}
}

@article{arias2019detection,
  title={Detection of sparse mixtures: higher criticism and scan statistic},
  author={Arias-Castro, Ery and Ying, Andrew and others},
  journal={Electronic Journal of Statistics},
  volume={13},
  number={1},
  pages={208--230},
  year={2019},
  publisher={The Institute of Mathematical Statistics and the Bernoulli Society}
}

@inproceedings{arora2012stochastic,
  title={Stochastic optimization for PCA and PLS},
  author={Arora, Raman and Cotter, Andrew and Livescu, Karen and Srebro, Nathan},
  booktitle={Communication, Control, and Computing (Allerton), 2012 50th Annual Allerton Conference on},
  pages={861--868},
  year={2012},
  organization={IEEE}
}

@inproceedings{arora2013stochastic,
  title={Stochastic optimization of PCA with capped MSG},
  author={Arora, Raman and Cotter, Andy and Srebro, Nati},
  booktitle={Advances in Neural Information Processing Systems},
  pages={1815--1823},
  year={2013}
}


@article{berman1964limit,
  title={Limit theorems for the maximum term in stationary sequences},
  author={Berman, Simeon M},
  journal={The Annals of Mathematical Statistics},
  pages={502--516},
  year={1964},
  publisher={JSTOR}
}


@article{barber2015controlling,
  title={Controlling the false discovery rate via knockoffs},
  author={Barber, Rina Foygel and Cand{\`e}s, Emmanuel J},
  journal={The Annals of Statistics},
  volume={43},
  number={5},
  pages={2055--2085},
  year={2015},
  publisher={Institute of Mathematical Statistics}
}

@article{barndorff1963limit,
  title={On the limit behaviour of extreme order statistics},
  author={Barndorff-Nielsen, Ole},
  journal={The Annals of Mathematical Statistics},
  volume={34},
  number={3},
  pages={992--1002},
  year={1963},
  publisher={JSTOR}
}

@article{benjamini1995controlling,
  title={Controlling the false discovery rate: a practical and powerful approach to multiple testing},
  author={Benjamini, Yoav and Hochberg, Yosef},
  journal={Journal of the royal statistical society. Series B (Methodological)},
  pages={289--300},
  year={1995},
  publisher={JSTOR}
}

@article{berry2012multiplicities,
  title={Multiplicities in cancer research: ubiquitous and necessary evils},
  author={Berry, Donald},
  journal={Journal of the National Cancer Institute},
  volume={104},
  number={15},
  pages={1125--1133},
  year={2012},
  publisher={Oxford University Press US}
}

@article{bogdan2011asymptotic,
  title={Asymptotic Bayes-optimality under sparsity of some multiple testing procedures},
  author={Bogdan, Ma{\l}gorzata and Chakrabarti, Arijit and Frommlet, Florian and Ghosh, Jayanta K},
  journal={The Annals of Statistics},
  volume={39},
  number={3},
  pages={1551--1579},
  year={2011},
  publisher={Institute of Mathematical Statistics}
}

@article{bush2012genome,
  title={Genome-wide association studies},
  author={Bush, William S and Moore, Jason H},
  journal={PLoS computational biology},
  volume={8},
  number={12},
  pages={e1002822},
  year={2012},
  publisher={Public Library of Science}
}

@article{butucea2018variable,
  title={Variable Selection with {H}amming Loss},
  author={Butucea, Cristina and Ndaoud, Mohamed and Stepanova, Natalia A. and Tsybakov, Alexandre B.},
  journal={The Annals of Statistics},
  volume={46},
  number={5},
  pages={1837-1875},
  year={2018}
}


@article{candes2009exact,
  title={Exact matrix completion via convex optimization},
  author={Cand{\`e}s, Emmanuel J and Recht, Benjamin},
  journal={Foundations of Computational mathematics},
  volume={9},
  number={6},
  pages={717},
  year={2009},
  publisher={Springer}
}


@article{candes2010power,
  title={The power of convex relaxation: Near-optimal matrix completion},
  author={Cand{\`e}s, Emmanuel J and Tao, Terence},
  journal={IEEE Transactions on Information Theory},
  volume={56},
  number={5},
  pages={2053--2080},
  year={2010},
  publisher={IEEE}
}


@article{candes2011robust,
  title={Robust principal component analysis?},
  author={Cand{\`e}s, Emmanuel J and Li, Xiaodong and Ma, Yi and Wright, John},
  journal={Journal of the ACM (JACM)},
  volume={58},
  number={3},
  pages={11},
  year={2011},
  publisher={ACM}
}


@article{cai2007estimation,
  title={Estimation and confidence sets for sparse normal mixtures},
  author={Cai, T Tony and Jin, Jiashun and Low, Mark G and others},
  journal={The Annals of Statistics},
  volume={35},
  number={6},
  pages={2421--2449},
  year={2007},
  publisher={Institute of Mathematical Statistics}
}

@article{cai2011optimal,
  title={Optimal detection of heterogeneous and heteroscedastic mixtures},
  author={Cai, T Tony and Jeng, X Jessie and Jin, Jiashun},
  journal={Journal of the Royal Statistical Society: Series B (Statistical Methodology)},
  volume={73},
  number={5},
  pages={629--662},
  year={2011},
  publisher={Wiley Online Library}
}

@article{cai2014optimal,
  title={Optimal detection of sparse mixtures against a given null distribution},
  author={Cai, Tony T and Wu, Yihong},
  journal={IEEE Transactions on Information Theory},
  volume={60},
  number={4},
  pages={2217--2232},
  year={2014},
  publisher={IEEE}
}

@article{cardot2015online,
  title={Online Principal Component Analysis in High Dimension: Which Algorithm to Choose?},
  author={Cardot, Herv{\'e} and Degras, David},
  journal={International Statistical Review},
  year={2015},
  publisher={Wiley Online Library}
}


@article{chen2018scan,
  title={A Scan Procedure for Multiple Testing},
  author={Chen, Shiyun and Ying, Andrew and Arias-Castro, Ery},
  journal={arXiv preprint arXiv:1808.00631},
  year={2018}
}

@book{cohen2013statistical,
  title={Statistical power analysis for the behavioral sciences},
  author={Cohen, Jacob},
  year={2013},
  publisher={Routledge}
}

@article{comminges2012tight,
  title={Tight conditions for consistency of variable selection in the context of high dimensionality},
  author={Comminges, La{\"e}titia and Dalalyan, Arnak S and others},
  journal={The Annals of Statistics},
  volume={40},
  number={5},
  pages={2667--2696},
  year={2012},
  publisher={Institute of Mathematical Statistics}
}


@incollection{conlon2015recent,
  author={Conlon, David and Fox, Jacob and Sudakov, Benny},
  title={Recent developments in graph {R}amsey theory},
  booktitle={Surveys in combinatorics 2015},
  series={London Math. Soc. Lecture Note Ser.},
  volume={424},
  pages={49--118},
  publisher={Cambridge Univ. Press, Cambridge},
  year={2015}, 
}

@book{de2007extreme,
  title={Extreme value theory: an introduction},
  author={De Haan, Laurens and Ferreira, Ana},
  year={2007},
  publisher={Springer Science \& Business Media}
}

@article{djurcic2007some,
  title={Some asymptotic relations for the generalized inverse},
  author={Djurcic, Dragan},
  journal={Journal of mathematical analysis and applications},
  volume={335},
  number={2},
  pages={1397--1402},
  year={2007},
  publisher={New York, Academic Press.}
}

@article{domingos1997optimality,
  title={On the optimality of the simple {B}ayesian classifier under zero-one loss},
  author={Domingos, Pedro and Pazzani, Michael},
  journal={Machine learning},
  volume={29},
  number={2-3},
  pages={103--130},
  year={1997},
  publisher={Springer}
}

@book{donoghue2014distributions,
  title={Distributions and {F}ourier transforms},
  author={Donoghue, William F},
  volume={32},
  year={2014},
  publisher={Academic Press}
}


@article{donoho2004higher,
  title={Higher {C}riticism for detecting sparse heterogeneous mixtures},
  author={Donoho, David and Jin, Jiashun},
  journal={The Annals of Statistics},
  volume={32},
  number={3},
  pages={962--994},
  year={2004}
}


@article{donoho2015special,
  title={Special invited paper: Higher criticism for large-scale inference, especially for rare and weak effects},
  author={Donoho, David and Jin, Jiashun},
  journal={Statistical Science},
  pages={1--25},
  year={2015},
  publisher={JSTOR}
}


@article{dudoit2003multiple,
  title={Multiple hypothesis testing in microarray experiments},
  author={Dudoit, Sandrine and Shaffer, Juliet Popper and Boldrick, Jennifer C},
  journal={Statistical Science},
  pages={71--103},
  year={2003},
  publisher={JSTOR}
}


@article{dunn1961multiple,
  title={Multiple comparisons among means},
  author={Dunn, Olive Jean},
  journal={Journal of the American statistical association},
  volume={56},
  number={293},
  pages={52--64},
  year={1961},
  publisher={Taylor \& Francis Group}
}

@article{efron2004large,
  title={Large-scale simultaneous hypothesis testing: the choice of a null hypothesis},
  author={Efron, Bradley},
  journal={Journal of the American Statistical Association},
  volume={99},
  number={465},
  pages={96--104},
  year={2004},
  publisher={Taylor \& Francis}
}

@article{eicker1979asymptotic,
  title={The asymptotic distribution of the suprema of the standardized empirical processes},
  author={Eicker, F},
  journal={The Annals of Statistics},
  pages={116--138},
  year={1979},
  publisher={JSTOR}
}

@book{embrechts2013modelling,
  title={Modelling extremal events: for insurance and finance},
  author={Embrechts, Paul and Kl{\"u}ppelberg, Claudia and Mikosch, Thomas},
  volume={33},
  year={2013},
  publisher={Springer Science \& Business Media}
}

@article{erdos1935combinatorial,
  title={A combinatorial problem in geometry},
  author={Erd{\"o}s, Paul and Szekeres, George},
  journal={Compositio mathematica},
  volume={2},
  pages={463--470},
  year={1935},
  publisher={Johnson Reprint Corporation}
}

@inproceedings{feng2013online,
  title={Online robust {PCA} via stochastic optimization},
  author={Feng, Jiashi and Xu, Huan and Yan, Shuicheng},
  booktitle={Advances in Neural Information Processing Systems},
  pages={404--412},
  year={2013}
}

@incollection{fox2009lecture,
  author={Fox, Jacob},
  title={Lecture 5: {R}amsey {T}heory},
  url ={http://math.mit.edu/~fox/MAT307-lecture05.pdf},
  year=2009,
  booktitle={MAT 307: Combinatorics (Spring 2009), MIT Lecture notes, \url{http://math.mit.edu/~fox/MAT307.html}}
}

@book{ferguson2017course,
  title={A course in large sample theory},
  author={Ferguson, Thomas S},
  year={2017},
  publisher={Routledge}
}

@ARTICLE{gao2018fundamental,
       author = {{Gao}, Zheng and {Stoev}, Stilian},
        title = "{Fundamental Limits of Exact Support Recovery in High Dimensions}",
      journal = {ArXiv e-prints},
     keywords = {Mathematics - Statistics Theory},
         year = 2018,
        month = Nov,
          eid = {arXiv:1811.05124},
        pages = {arXiv:1811.05124},
archivePrefix = {arXiv},
       eprint = {1811.05124},
 primaryClass = {math.ST},
       adsurl = {https://ui.adsabs.harvard.edu/#abs/2018arXiv181105124G},
      adsnote = {Provided by the SAO/NASA Astrophysics Data System}
}

@article{gao2019upass,
    author = {Gao, Zheng and Terhorst, Jonathan and Van Hout, Cristopher V and Stoev, Stilian},
    title = "{U-PASS: unified power analysis and forensics for qualitative traits in genetic association studies}",
    journal = {Bioinformatics},
    year = {2019},
    month = {08},
    note = {In press},
    issn = {1367-4803},
    doi = {10.1093/bioinformatics/btz637},
    url = {https://doi.org/10.1093/bioinformatics/btz637},
    eprint = {http://oup.prod.sis.lan/bioinformatics/advance-article-pdf/doi/10.1093/bioinformatics/btz637/29228772/btz637.pdf},
}

    % month = {08},
    % abstract = "{Despite the availability of existing calculators for statistical power analysis in genetic association studies, there has not been a model-invariant and test-independent tool that allows for both planning of prospective studies and systematic review of reported findings. In this work, we develop a web-based application U-PASS (Unified Power analysis of ASsociation Studies), implementing a unified framework for the analysis of common association tests for binary qualitative traits. The application quantifies the shared asymptotic power limits of the common association tests, and visualizes the fundamental statistical trade-off between risk allele frequency and odds ratio. The application also addresses the applicability of asymptotics-based power calculations in finite samples, and provides guidelines for single-SNP-based association tests. In addition to designing prospective studies, U-PASS enables researchers to retrospectively assess the statistical validity of previously reported associations.U-PASS is an open-source R Shiny application. A live instance is hosted at https://power.stat.lsa.umich.edu. Source is available on https://github.com/Pill-GZ/U-PASS.Supplementary data are available at Bioinformatics online.}",
    % issn = {1367-4803},
    % note = {btz637},
    % eprint = {http://oup.prod.sis.lan/bioinformatics/advance-article-pdf/doi/10.1093/bioinformatics/btz637/29228772/btz637.pdf},


@article{gao2019five,
  title={Five Shades of Grey: Phase Transitions in High-dimensional Multiple Testing},
  author={Gao, Zheng},
  journal={arXiv preprint arXiv:1910.05701},
  year={2019}
}

@article{genovese2002operating,
  title={Operating characteristics and extensions of the false discovery rate procedure},
  author={Genovese, Christopher and Wasserman, Larry},
  journal={Journal of the Royal Statistical Society: Series B (Statistical Methodology)},
  volume={64},
  number={3},
  pages={499--517},
  year={2002},
  publisher={Wiley Online Library}
}

@article{genovese2012comparison,
  title={A comparison of the lasso and marginal regression},
  author={Genovese, Christopher R and Jin, Jiashun and Wasserman, Larry and Yao, Zhigang},
  journal={Journal of Machine Learning Research},
  volume={13},
  number={Jun},
  pages={2107--2143},
  year={2012}
}

@article{gnedenko1943distribution,
  title={Sur la distribution limite du terme maximum d'une serie aleatoire},
  author={Gnedenko, Boris},
  journal={Annals of mathematics},
  pages={423--453},
  year={1943},
  publisher={JSTOR}
}

@article{hall2010innovated,
  title={Innovated higher criticism for detecting sparse signals in correlated noise},
  author={Hall, Peter and Jin, Jiashun and others},
  journal={The Annals of Statistics},
  volume={38},
  number={3},
  pages={1686--1732},
  year={2010},
  publisher={Institute of Mathematical Statistics}
}

@article{haupt2011distilled,
  title={Distilled sensing: Adaptive sampling for sparse detection and estimation},
  author={Haupt, Jarvis and Castro, Rui M and Nowak, Robert},
  journal={IEEE Transactions on Information Theory},
  volume={57},
  number={9},
  pages={6222--6235},
  year={2011},
  publisher={IEEE}
}


@article{hochberg1988sharper,
  title={A sharper Bonferroni procedure for multiple tests of significance},
  author={Hochberg, Yosef},
  journal={Biometrika},
  volume={75},
  number={4},
  pages={800--802},
  year={1988},
  publisher={Oxford University Press}
}

@article{holm1979simple,
  title={A simple sequentially rejective multiple test procedure},
  author={Holm, Sture},
  journal={Scandinavian journal of statistics},
  pages={65--70},
  year={1979},
  publisher={JSTOR}
}

@article{inglot2010inequalities,
  title={Inequalities for quantiles of the chi-square distribution},
  author={Inglot, Tadeusz},
  journal={Probability and Mathematical Statistics},
  volume={30},
  number={4},
  pages={339--351},
  year={2010}
}


@article{ingster1998minimax,
  title={Minimax detection of a signal for  $l^p_n$-balls},
  author={Ingster, Yu I},
  journal={Mathematical Methods of Statistics},
  volume={7},
  number={4},
  pages={401--428},
  year={1998},
  publisher={New York: Allerton Press, c1992-}
}


@article{jackson1979control,
  title={Control procedures for residuals associated with principal component analysis},
  author={Jackson, J Edward and Mudholkar, Govind S},
  journal={Technometrics},
  volume={21},
  number={3},
  pages={341--349},
  year={1979},
  publisher={Taylor \& Francis Group}
}


@article{ji2012ups,
  title={{UPS} delivers optimal phase diagram in high-dimensional variable selection},
  author={Ji, Pengsheng and Jin, Jiashun},
  journal={The Annals of Statistics},
  volume={40},
  number={1},
  pages={73--103},
  year={2012},
  publisher={Institute of Mathematical Statistics}
}


@article{jin2016rare,
  title={Rare and weak effects in large-scale inference: methods and phase diagrams},
  author={Jin, Jiashun and Ke, Zheng Tracy},
  journal={Statistica Sinica},
  pages={1--34},
  year={2016},
  publisher={JSTOR}
}

@article{jin2014optimality,
  title={Optimality of graphlet screening in high dimensional variable selection},
  author={Jin, Jiashun and Zhang, Cun-Hui and Zhang, Qi},
  journal={The Journal of Machine Learning Research},
  volume={15},
  number={1},
  pages={2723--2772},
  year={2014},
  publisher={JMLR. org}
}

@article{kallitsis2016amon,
  title={{AMON}: An open source architecture for online monitoring, statistical analysis, and forensics of multi-gigabit streams},
  author={Kallitsis, Michael and Stoev, Stilian A and Bhattacharya, Shrijita and Michailidis, George},
  journal={IEEE Journal on Selected Areas in Communications},
  volume={34},
  number={6},
  pages={1834--1848},
  year={2016},
  publisher={IEEE}
}


@article{kang2000line,
  title={On-line monitoring when the process yields a linear profile},
  author={Kang, Lan and Albin, Susan L},
  journal={Journal of quality Technology},
  volume={32},
  number={4},
  pages={418},
  year={2000},
  publisher={American Society for Quality}
}

@article{kartsioukas2019rate,
  title={On the rate of concentration of maxima in Gaussian arrays},
  author={Kartsioukas, Rafail and Gao, Zheng and Stoev, Stilian},
  journal={arXiv preprint arXiv:1910.04259},
  year={2019}
}

@article{kazor2016comparison,
  title={Comparison of linear and nonlinear dimension reduction techniques for automated process monitoring of a decentralized wastewater treatment facility},
  author={Kazor, Karen and Holloway, Ryan W and Cath, Tzahi Y and Hering, Amanda S},
  journal={Stochastic environmental research and risk assessment},
  volume={30},
  number={5},
  pages={1527--1544},
  year={2016},
  publisher={Springer}
}

@inproceedings{krishnamurthy2003sketch,
  title={Sketch-based change detection: methods, evaluation, and applications},
  author={Krishnamurthy, Balachander and Sen, Subhabrata and Zhang, Yin and Chen, Yan},
  booktitle={Proceedings of the 3rd ACM SIGCOMM conference on Internet measurement},
  pages={234--247},
  year={2003},
  organization={ACM}
}

@article{lan2009change,
  title={Change-point estimation under adaptive sampling},
  author={Lan, Yan and Banerjee, Moulinath and Michailidis, George and others},
  journal={The Annals of Statistics},
  volume={37},
  number={4},
  pages={1752--1791},
  year={2009},
  publisher={Institute of Mathematical Statistics}
}

@inproceedings{lakhina2005mining,
  title={Mining anomalies using traffic feature distributions},
  author={Lakhina, Anukool and Crovella, Mark and Diot, Christophe},
  booktitle={ACM SIGCOMM Computer Communication Review},
  volume={35},
  number={4},
  pages={217--228},
  year={2005},
  organization={ACM}
}

@article{leadbetter1988extremal,
  title={Extremal theory for stochastic processes},
  author={Leadbetter, MR and Rootzen, Holger},
  journal={The Annals of Probability},
  pages={431--478},
  year={1988},
  publisher={JSTOR}
}

@book{leadbetter2012extremes,
  title={Extremes and related properties of random sequences and processes},
  author={Leadbetter, Malcolm R and Lindgren, Georg and Rootz{\'e}n, Holger},
  year={2012},
  publisher={Springer Science \& Business Media}
}

@inproceedings{li2006detection,
  title={Detection and identification of network anomalies using sketch subspaces},
  author={Li, Xin and Bian, Fang and Crovella, Mark and Diot, Christophe and Govindan, Ramesh and Iannaccone, Gianluca and Lakhina, Anukool},
  booktitle={Proceedings of the 6th ACM SIGCOMM conference on Internet measurement},
  pages={147--152},
  year={2006},
  organization={ACM}
}

@article{li2012multiple,
  title={Multiple attribute control charts with false discovery rate control},
  author={Li, Yanting and Tsung, Fugee},
  journal={Quality and Reliability Engineering International},
  volume={28},
  number={8},
  pages={857--871},
  year={2012},
  publisher={Wiley Online Library}
}

@article{macarthur2016new,
  title={The new NHGRI-EBI Catalog of published genome-wide association studies (GWAS Catalog)},
  author={MacArthur, Jacqueline and Bowler, Emily and Cerezo, Maria and Gil, Laurent and Hall, Peggy and Hastings, Emma and Junkins, Heather and McMahon, Aoife and Milano, Annalisa and Morales, Joannella and others},
  journal={Nucleic acids research},
  volume={45},
  number={D1},
  pages={D896--D901},
  year={2016},
  publisher={Oxford University Press}
}

@article{meinshausen2006high,
  title={High-dimensional graphs and variable selection with the lasso},
  author={Meinshausen, Nicolai and B{\"u}hlmann, Peter},
  journal={The annals of statistics},
  volume={34},
  number={3},
  pages={1436--1462},
  year={2006},
  publisher={Institute of Mathematical Statistics}
}

@article{michailidou2017association,
  title={Association analysis identifies 65 new breast cancer risk loci},
  author={Michailidou, Kyriaki and Lindstr{\"o}m, Sara and Dennis, Joe and Beesley, Jonathan and Hui, Shirley and Kar, Siddhartha and Lema{\c{c}}on, Audrey and Soucy, Penny and Glubb, Dylan and Rostamianfar, Asha and others},
  journal={Nature},
  volume={551},
  number={7678},
  pages={92},
  year={2017},
  publisher={Nature Publishing Group}
}

@book{mccormick1976weak,
  title={On weak convergence of the maximum},
  author={McCormick, WP and Mittal, Yashaswini},
  year={1976},
  publisher={Stanford University. Department of Statistics}
}

@book{montgomery2009statistical,
  title={Statistical quality control},
  author={Montgomery, Douglas C},
  volume={7},
  year={2009},
  publisher={Wiley New York}
}

@article{narayan2015two,
  title={Two sample inference for populations of graphical models with applications to functional connectivity},
  author={Narayan, Manjari and Allen, Genevera I and Tomson, Steffie},
  journal={arXiv preprint arXiv:1502.03853},
  year={2015}
}

@article{neuvial2012false,
  title={On false discovery rate thresholding for classification under sparsity},
  author={Neuvial, Pierre and Roquain, Etienne},
  journal={The Annals of Statistics},
  volume={40},
  number={5},
  pages={2572--2600},
  year={2012},
  publisher={Institute of Mathematical Statistics}
}

@article{nichols2003controlling,
  title={Controlling the familywise error rate in functional neuroimaging: a comparative review},
  author={Nichols, Thomas and Hayasaka, Satoru},
  journal={Statistical methods in medical research},
  volume={12},
  number={5},
  pages={419--446},
  year={2003},
  publisher={Sage Publications Sage CA: Thousand Oaks, CA}
}

@incollection{ramsey2009problem,
  title={On a problem of formal logic},
  author={Ramsey, Frank P},
  booktitle={Classic Papers in Combinatorics},
  pages={1--24},
  year={2009},
  publisher={Springer}
}

@article{rabinovich2017optimal,
  title={Optimal rates and tradeoffs in multiple testing},
  author={Rabinovich, Maxim and Ramdas, Aaditya and Jordan, Michael I and Wainwright, Martin J},
  journal={arXiv preprint arXiv:1705.05391},
  year={2017}
}

@article{resnick1973almost,
  title={Almost sure stability of maxima},
  author={Resnick, Sidney I and Tomkins, RJ},
  journal={Journal of Applied Probability},
  volume={10},
  number={2},
  pages={387--401},
  year={1973},
  publisher={Cambridge University Press}
}

@book{resnick2013extreme,
  title={Extreme values, regular variation and point processes},
  author={Resnick, Sidney I},
  year={2013},
  publisher={Springer}
}

@article{robbins1955remark,
  title={A remark on {S}tirling's formula},
  author={Robbins, Herbert},
  journal={The American mathematical monthly},
  volume={62},
  number={1},
  pages={26--29},
  year={1955},
  publisher={JSTOR}
}

@article{roquain2011type,
  title={Type {I} error rate control for testing many hypotheses: a survey with proofs},
  author={Roquain, Etienne},
  journal={Journal de la Soci{\'e}t{\'e} Fran{\c{c}}aise de Statistique},
  volume={152},
  number={2},
  pages={3--38},
  year={2011}
}

@article{slepian1962one,
  title={The one-sided barrier problem for Gaussian noise},
  author={Slepian, David},
  journal={Bell Labs Technical Journal},
  volume={41},
  number={2},
  pages={463--501},
  year={1962},
  publisher={Wiley Online Library}
}

@article{spencer2009designing,
  title={Designing genome-wide association studies: sample size, power, imputation, and the choice of genotyping chip},
  author={Spencer, Chris CA and Su, Zhan and Donnelly, Peter and Marchini, Jonathan},
  journal={PLoS genetics},
  volume={5},
  number={5},
  pages={e1000477},
  year={2009},
  publisher={Public Library of Science}
}

@article{storey2007optimal,
  title={The optimal discovery procedure: a new approach to simultaneous significance testing},
  author={Storey, John D},
  journal={Journal of the Royal Statistical Society: Series B (Statistical Methodology)},
  volume={69},
  number={3},
  pages={347--368},
  year={2007},
  publisher={Wiley Online Library}
}

@inproceedings{sun2006beyond,
  title={Beyond streams and graphs: dynamic tensor analysis},
  author={Sun, Jimeng and Tao, Dacheng and Faloutsos, Christos},
  booktitle={Proceedings of the 12th ACM SIGKDD international conference on Knowledge discovery and data mining},
  pages={374--383},
  year={2006},
  organization={ACM}
}

@article{sun2007oracle,
  title={Oracle and adaptive compound decision rules for false discovery rate control},
  author={Sun, Wenguang and Cai, T Tony},
  journal={Journal of the American Statistical Association},
  volume={102},
  number={479},
  pages={901--912},
  year={2007},
  publisher={Taylor \& Francis}
}

@article{tanguy2015some,
  title={Some superconcentration inequalities for extrema of stationary gaussian processes},
  author={Tanguy, Kevin},
  journal={Statistics \& Probability Letters},
  volume={106},
  pages={239--246},
  year={2015},
  publisher={Elsevier}
}

@incollection{taqqu2003livre,
  Author = {Taqqu, Murad S.},
  Booktitle = {{\it Theory and Applications of Long-range Dependence}},
  Editor = {P. Doukhan and G. Oppenheim and M. S. Taqqu},
  Pages = {5-38},
  Publisher = {Birkh{\"a}user},
  Title = {Fractional {B}rownian motion and long-range dependence},
  Year = 2003
}

@article{vsidak1967rectangular,
  title={Rectangular confidence regions for the means of multivariate normal distributions},
  author={{\v{S}}id{\'a}k, Zbyn{\v{e}}k},
  journal={Journal of the American Statistical Association},
  volume={62},
  number={318},
  pages={626--633},
  year={1967},
  publisher={Taylor \& Francis Group}
}

@article{wainwright2009sharp,
  title={Sharp thresholds for High-Dimensional and noisy sparsity recovery using $\ell_1$-Constrained Quadratic Programming (Lasso)},
  author={Wainwright, Martin J},
  journal={IEEE transactions on information theory},
  volume={55},
  number={5},
  pages={2183--2202},
  year={2009},
  publisher={IEEE}
}

@article{wainwright2009information,
  title={Information-theoretic limits on sparsity recovery in the high-dimensional and noisy setting},
  author={Wainwright, Martin J},
  journal={IEEE Transactions on Information Theory},
  volume={55},
  number={12},
  pages={5728--5741},
  year={2009},
  publisher={IEEE}
}

@book{wainwright2019high,
  title = {High-dimensional statistics: A non-asymptotic viewpoint},
  author = {Wainwright, Martin J},
  publisher = {Cambridge University Press},
  address = {Cambridge, {U}{K}},
  year = {2019}
}


@article{wasserman2009high,
  title={High dimensional variable selection},
  author={Wasserman, Larry and Roeder, Kathryn},
  journal={Annals of statistics},
  volume={37},
  number={5A},
  pages={2178},
  year={2009},
  publisher={NIH Public Access}
}

@book{witting2013mathematische,
  title={Mathematische statistik I: parametrische verfahren bei festem stichprobenumfang},
  author={Witting, Hermann},
  year={2013},
  publisher={Springer-Verlag}
}

@article{yu2014useful,
  title={A useful variant of the {D}avis--{K}ahan theorem for statisticians},
  author={Yu, Yi and Wang, Tengyao and Samworth, Richard J},
  journal={Biometrika},
  volume={102},
  number={2},
  pages={315--323},
  year={2014},
  publisher={Oxford University Press}
}

@inproceedings{xu2010robust,
  title={Robust PCA via outlier pursuit},
  author={Xu, Huan and Caramanis, Constantine and Sanghavi, Sujay},
  booktitle={Advances in Neural Information Processing Systems},
  pages={2496--2504},
  year={2010}
}

@article{zhao2006model,
  title={On model selection consistency of Lasso},
  author={Zhao, Peng and Yu, Bin},
  journal={Journal of Machine learning research},
  volume={7},
  number={Nov},
  pages={2541--2563},
  year={2006}
}

@inproceedings{zhou2010stable,
  title={Stable principal component pursuit},
  author={Zhou, Zihan and Li, Xiaodong and Wright, John and Candes, Emmanuel and Ma, Yi},
  booktitle={Information Theory Proceedings (ISIT), 2010 IEEE International Symposium on},
  pages={1518--1522},
  year={2010},
  organization={IEEE}
}

