% This file was created with JabRef 2.6.
% Encoding: UTF-8

@book{adler2009random,
  title={Random fields and geometry},
  author={Adler, Robert J and Taylor, Jonathan E},
  year={2009},
  publisher={Springer Science \& Business Media}
}

@book{agresti2018introduction,
  title={An introduction to categorical data analysis},
  author={Agresti, Alan},
  year={2018},
  publisher={Wiley}
}

@article{anderson1952asymptotic,
  title={Asymptotic theory of certain "goodness of fit" criteria based on stochastic processes},
  author={Anderson, Theodore W and Darling, Donald A},
  journal={The annals of mathematical statistics},
  pages={193--212},
  year={1952},
  publisher={JSTOR}
}

@misc{anstee2016worldwide,
  title={Worldwide Infrastructure Security Report, {V}ol 9},
  author={Anstee, Darren and Bowen, Paul and Chui, C.F. and Sockrider, Gary},
  year={2016}
}

@article{arias2017distribution1,
  title={Distribution-free tests for sparse heterogeneous mixtures},
  author={Arias-Castro, Ery and Wang, Meng},
  journal={Test},
  volume={26},
  number={1},
  pages={71--94},
  year={2017},
  publisher={Springer}
}

@article{arias2017distribution,
  title={Distribution-free multiple testing},
  author={Arias-Castro, Ery and Chen, Shiyun},
  journal={Electronic Journal of Statistics},
  volume={11},
  number={1},
  pages={1983--2001},
  year={2017},
  publisher={The Institute of Mathematical Statistics and the Bernoulli Society}
}

@article{arias2019detection,
  title={Detection of sparse mixtures: higher criticism and scan statistic},
  author={Arias-Castro, Ery and Ying, Andrew},
  journal={Electronic Journal of Statistics},
  volume={13},
  number={1},
  pages={208--230},
  year={2019},
  publisher={The Institute of Mathematical Statistics and the Bernoulli Society}
}

@inproceedings{arora2012stochastic,
  title={Stochastic optimization for {PCA} and {PLS}},
  author={Arora, Raman and Cotter, Andrew and Livescu, Karen and Srebro, Nathan},
  booktitle={Communication, Control, and Computing (Allerton), 2012 50th Annual Allerton Conference on},
  pages={861--868},
  year={2012},
  organization={IEEE}
}

@inproceedings{arora2013stochastic,
  title={Stochastic optimization of {PCA} with capped {MSG}},
  author={Arora, Raman and Cotter, Andy and Srebro, Nati},
  booktitle={Advances in Neural Information Processing Systems},
  pages={1815--1823},
  year={2013}
}


@article{barber2015controlling,
  title={Controlling the false discovery rate via knockoffs},
  author={Barber, Rina Foygel and Cand{\`e}s, Emmanuel J},
  journal={The Annals of Statistics},
  volume={43},
  number={5},
  pages={2055--2085},
  year={2015},
  publisher={Institute of Mathematical Statistics}
}


@article{berman1964limit,
  title={Limit theorems for the maximum term in stationary sequences},
  author={Berman, Simeon M},
  journal={The Annals of Mathematical Statistics},
  pages={502--516},
  year={1964},
  publisher={JSTOR}
}


@article{barndorff1963limit,
  title={On the limit behaviour of extreme order statistics},
  author={Barndorff-Nielsen, Ole},
  journal={The Annals of Mathematical Statistics},
  volume={34},
  number={3},
  pages={992--1002},
  year={1963},
  publisher={JSTOR}
}

@article{benjamini1995controlling,
  title={Controlling the false discovery rate: a practical and powerful approach to multiple testing},
  author={Benjamini, Yoav and Hochberg, Yosef},
  journal={Journal of the royal statistical society. Series B (Methodological)},
  pages={289--300},
  year={1995},
  publisher={JSTOR}
}

@article{benjamini2001control,
  title={The control of the false discovery rate in multiple testing under dependency},
  author={Benjamini, Yoav and Yekutieli, Daniel},
  journal={Annals of statistics},
  pages={1165--1188},
  year={2001},
  publisher={JSTOR}
}

@article{berry2012multiplicities,
  title={Multiplicities in cancer research: ubiquitous and necessary evils},
  author={Berry, Donald},
  journal={Journal of the National Cancer Institute},
  volume={104},
  number={15},
  pages={1125--1133},
  year={2012},
  publisher={Oxford University Press US}
}

@article{bogdan2011asymptotic,
  title={Asymptotic Bayes-optimality under sparsity of some multiple testing procedures},
  author={Bogdan, Ma{\l}gorzata and Chakrabarti, Arijit and Frommlet, Florian and Ghosh, Jayanta K},
  journal={The Annals of Statistics},
  volume={39},
  number={3},
  pages={1551--1579},
  year={2011},
  publisher={Institute of Mathematical Statistics}
}

@article{bush2012genome,
  title={Genome-wide association studies},
  author={Bush, William S and Moore, Jason H},
  journal={PLoS computational biology},
  volume={8},
  number={12},
  pages={e1002822},
  year={2012},
  publisher={Public Library of Science}
}

@article{butucea2018variable,
  title={Variable selection with {H}amming loss},
  author={Butucea, Cristina and Ndaoud, Mohamed and Stepanova, Natalia A. and Tsybakov, Alexandre B.},
  journal={The Annals of Statistics},
  volume={46},
  number={5},
  pages={1837-1875},
  year={2018}
}


@article{candes2009exact,
  title={Exact matrix completion via convex optimization},
  author={Cand{\`e}s, Emmanuel J and Recht, Benjamin},
  journal={Foundations of Computational mathematics},
  volume={9},
  number={6},
  pages={717},
  year={2009},
  publisher={Springer}
}


@article{candes2010power,
  title={The power of convex relaxation: {N}ear-optimal matrix completion},
  author={Cand{\`e}s, Emmanuel J and Tao, Terence},
  journal={IEEE Transactions on Information Theory},
  volume={56},
  number={5},
  pages={2053--2080},
  year={2010},
  publisher={IEEE}
}


@article{candes2011robust,
  title={Robust principal component analysis?},
  author={Cand{\`e}s, Emmanuel J and Li, Xiaodong and Ma, Yi and Wright, John},
  journal={Journal of the ACM (JACM)},
  volume={58},
  number={3},
  pages={11},
  year={2011},
  publisher={ACM}
}


@incollection{candes2018lecture,
  author={Cand{\`e}s, Emmanuel J},
  title={Lecture 3: Global testing, chi-square test, optimality of chi-square test for distributed mild effects},
  url ={https://https://statweb.stanford.edu/~candes/teaching/stats300c/Lectures/Lecture3.pdf},
  year=2018,
  booktitle={Stats 300C: Theory of Statistics (Spring 2018), Stanford Lecture notes, \url{https://statweb.stanford.edu/~candes/teaching/stats300c/index.html}}
}

@article{cai2007estimation,
  title={Estimation and confidence sets for sparse normal mixtures},
  author={Cai, T Tony and Jin, Jiashun and Low, Mark G},
  journal={The Annals of Statistics},
  volume={35},
  number={6},
  pages={2421--2449},
  year={2007},
  publisher={Institute of Mathematical Statistics}
}

@article{cai2011optimal,
  title={Optimal detection of heterogeneous and heteroscedastic mixtures},
  author={Cai, T Tony and Jeng, X Jessie and Jin, Jiashun},
  journal={Journal of the Royal Statistical Society: Series B (Statistical Methodology)},
  volume={73},
  number={5},
  pages={629--662},
  year={2011},
  publisher={Wiley Online Library}
}

@article{cai2014optimal,
  title={Optimal detection of sparse mixtures against a given null distribution},
  author={Cai, Tony T and Wu, Yihong},
  journal={IEEE Transactions on Information Theory},
  volume={60},
  number={4},
  pages={2217--2232},
  year={2014},
  publisher={IEEE}
}

@article{cardot2015online,
  title={Online Principal Component Analysis in High Dimension: Which Algorithm to Choose?},
  author={Cardot, Herv{\'e} and Degras, David},
  journal={International Statistical Review},
  year={2015},
  publisher={Wiley Online Library}
}

@book{chatterjee2014superconcentration,
  title={Superconcentration and related topics},
  author={Chatterjee, Sourav},
  volume={15},
  year={2014},
  publisher={Springer}
}

@article{chen2018scan,
  title={A Scan Procedure for Multiple Testing},
  author={Chen, Shiyun and Ying, Andrew and Arias-Castro, Ery},
  journal={arXiv preprint arXiv:1808.00631},
  year={2018}
}

@book{cohen2013statistical,
  title={Statistical power analysis for the behavioral sciences},
  author={Cohen, Jacob},
  year={2013},
  publisher={Routledge}
}

@article{comminges2012tight,
  title={Tight conditions for consistency of variable selection in the context of high dimensionality},
  author={Comminges, La{\"e}titia and Dalalyan, Arnak S},
  journal={The Annals of Statistics},
  volume={40},
  number={5},
  pages={2667--2696},
  year={2012},
  publisher={Institute of Mathematical Statistics}
}


@incollection{conlon2015recent,
  author={Conlon, David and Fox, Jacob and Sudakov, Benny},
  title={Recent developments in graph {R}amsey theory},
  booktitle={Surveys in combinatorics 2015},
  series={London Math. Soc. Lecture Note Ser.},
  volume={424},
  pages={49--118},
  publisher={Cambridge Univ. Press, Cambridge},
  year={2015}, 
}

@article{cramer1928composition,
  title={On the composition of elementary errors: {F}irst paper: {M}athematical deductions},
  author={Cram{\'e}r, Harald},
  journal={Scandinavian Actuarial Journal},
  volume={1928},
  number={1},
  pages={13--74},
  year={1928},
  publisher={Taylor \& Francis}
}

@book{de2007extreme,
  title={Extreme value theory: an introduction},
  author={De Haan, Laurens and Ferreira, Ana},
  year={2007},
  publisher={Springer Science \& Business Media}
}

@article{djurcic2007some,
  title={Some asymptotic relations for the generalized inverse},
  author={Djurcic, Dragan},
  journal={Journal of mathematical analysis and applications},
  volume={335},
  number={2},
  pages={1397--1402},
  year={2007},
  publisher={New York, Academic Press.}
}

@article{domingos1997optimality,
  title={On the optimality of the simple {B}ayesian classifier under zero-one loss},
  author={Domingos, Pedro and Pazzani, Michael},
  journal={Machine learning},
  volume={29},
  number={2-3},
  pages={103--130},
  year={1997},
  publisher={Springer}
}

@article{dominguez2018pilot,
  title={Pilot genome-wide association study identifying novel risk loci for type 2 diabetes in a Maya population},
  author={Dom{\'\i}nguez-Cruz, Miriam Givisay and de Lourdes Mu{\~n}oz, Mar{\'\i}a and Totomoch-Serra, Armando and Garc{\'\i}a-Escalante, Mar{\'\i}a Guadalupe and Burgue{\~n}o, Juan and Valadez-Gonz{\'a}lez, Nina and Pinto-Escalantes, Doris and D{\'\i}az-Badillo, {\'A}lvaro},
  journal={Gene},
  volume={677},
  pages={324--331},
  year={2018},
  publisher={Elsevier}
}

@book{donoghue2014distributions,
  title={Distributions and {F}ourier transforms},
  author={Donoghue, William F},
  volume={32},
  year={2014},
  publisher={Academic Press}
}


@article{donoho2004higher,
  title={Higher {C}riticism for detecting sparse heterogeneous mixtures},
  author={Donoho, David and Jin, Jiashun},
  journal={The Annals of Statistics},
  volume={32},
  number={3},
  pages={962--994},
  year={2004}
}


@article{donoho2015special,
  title={Special invited paper: Higher criticism for large-scale inference, especially for rare and weak effects},
  author={Donoho, David and Jin, Jiashun},
  journal={Statistical Science},
  pages={1--25},
  year={2015},
  publisher={JSTOR}
}


@article{dudoit2003multiple,
  title={Multiple hypothesis testing in microarray experiments},
  author={Dudoit, Sandrine and Shaffer, Juliet Popper and Boldrick, Jennifer C},
  journal={Statistical Science},
  pages={71--103},
  year={2003},
  publisher={JSTOR}
}


@article{dunn1961multiple,
  title={Multiple comparisons among means},
  author={Dunn, Olive Jean},
  journal={Journal of the American statistical association},
  volume={56},
  number={293},
  pages={52--64},
  year={1961},
  publisher={Taylor \& Francis Group}
}

@article{efron2004large,
  title={Large-scale simultaneous hypothesis testing: the choice of a null hypothesis},
  author={Efron, Bradley},
  journal={Journal of the American Statistical Association},
  volume={99},
  number={465},
  pages={96--104},
  year={2004},
  publisher={Taylor \& Francis}
}

@article{eicker1979asymptotic,
  title={The asymptotic distribution of the suprema of the standardized empirical processes},
  author={Eicker, F},
  journal={The Annals of Statistics},
  pages={116--138},
  year={1979},
  publisher={JSTOR}
}

@book{embrechts2013modelling,
  title={Modelling extremal events: for insurance and finance},
  author={Embrechts, Paul and Kl{\"u}ppelberg, Claudia and Mikosch, Thomas},
  volume={33},
  year={2013},
  publisher={Springer Science \& Business Media}
}

@article{erdos1935combinatorial,
  title={A combinatorial problem in geometry},
  author={Erd{\"o}s, Paul and Szekeres, George},
  journal={Compositio mathematica},
  volume={2},
  pages={463--470},
  year={1935},
  publisher={Johnson Reprint Corporation}
}

@article{fan1996test,
  title={Test of significance based on wavelet thresholding and Neyman's truncation},
  author={Fan, Jianqing},
  journal={Journal of the American Statistical Association},
  volume={91},
  number={434},
  pages={674--688},
  year={1996},
  publisher={Taylor \& Francis Group}
}

@inproceedings{feng2013online,
  title={Online robust {PCA} via stochastic optimization},
  author={Feng, Jiashi and Xu, Huan and Yan, Shuicheng},
  booktitle={Advances in Neural Information Processing Systems},
  pages={404--412},
  year={2013}
}

@incollection{fox2009lecture,
  author={Fox, Jacob},
  title={Lecture 5: {R}amsey {T}heory},
  url ={http://math.mit.edu/~fox/MAT307-lecture05.pdf},
  year=2009,
  booktitle={MAT 307: Combinatorics (Spring 2009), MIT Lecture notes, \url{http://math.mit.edu/~fox/MAT307.html}}
}

@book{ferguson2017course,
  title={A course in large sample theory},
  author={Ferguson, Thomas S},
  year={2017},
  publisher={Routledge}
}

@article {gao2018fundamental,
    AUTHOR = {Gao, Zheng and Stoev, Stilian},
     TITLE = {Fundamental limits of exact support recovery in high
              dimensions},
   JOURNAL = {Bernoulli},
  FJOURNAL = {Bernoulli. Official Journal of the Bernoulli Society for
              Mathematical Statistics and Probability},
    VOLUME = {26},
      YEAR = {2020},
    NUMBER = {4},
     PAGES = {2605--2638},
      ISSN = {1350-7265},
   MRCLASS = {62F10 (60G70 62F12 62F15 62H15 62J15)},
  MRNUMBER = {4140523},
       DOI = {10.3150/20-BEJ1197},
       URL = {https://doi.org/10.3150/20-BEJ1197},
}


@article{gao2019upass,
    author = {Gao, Zheng and Terhorst, Jonathan and Van Hout, Cristopher V and Stoev, Stilian},
    title = "{U-PASS: unified power analysis and forensics for qualitative traits in genetic association studies}",
    journal = {Bioinformatics},
    volume = {36},
    number = {3},
    pages = {974-975},
    year = {2019},
    month = {08},
    abstract = "{Despite the availability of existing calculators for statistical power analysis in genetic association studies, there has not been a model-invariant and test-independent tool that allows for both planning of prospective studies and systematic review of reported findings. In this work, we develop a web-based application U-PASS (Unified Power analysis of ASsociation Studies), implementing a unified framework for the analysis of common association tests for binary qualitative traits. The application quantifies the shared asymptotic power limits of the common association tests, and visualizes the fundamental statistical trade-off between risk allele frequency and odds ratio. The application also addresses the applicability of asymptotics-based power calculations in finite samples, and provides guidelines for single-SNP-based association tests. In addition to designing prospective studies, U-PASS enables researchers to retrospectively assess the statistical validity of previously reported associations.U-PASS is an open-source R Shiny application. A live instance is hosted at https://power.stat.lsa.umich.edu. Source is available on https://github.com/Pill-GZ/U-PASS.Supplementary data are available at Bioinformatics online.}",
    issn = {1367-4803},
    doi = {10.1093/bioinformatics/btz637},
    url = {https://doi.org/10.1093/bioinformatics/btz637},
    eprint = {https://academic.oup.com/bioinformatics/article-pdf/36/3/974/32369801/btz637.pdf},
}

@misc{gaoUPASS_ShinyApp,
    author = {Gao, Zheng},
    title = "{U-PASS: \url{https://power.stat.lsa.umich.edu/u-pass/}}",
    year = {2019},
    note = {An {\tt {R} {S}hiny {A}pp} accompanying the paper ``U-PASS: unified power analysis and forensics for qualitative traits in genetic 
    association studies"}
}


@article{gao2019five,
  title={Five Shades of Grey: Phase Transitions in High-dimensional Multiple Testing},
  author={Gao, Zheng},
  journal={arXiv preprint arXiv:1910.05701},
  year={2019}
}

@article{genovese2002operating,
  title={Operating characteristics and extensions of the false discovery rate procedure},
  author={Genovese, Christopher and Wasserman, Larry},
  journal={Journal of the Royal Statistical Society: Series B (Statistical Methodology)},
  volume={64},
  number={3},
  pages={499--517},
  year={2002},
  publisher={Wiley Online Library}
}

@article{genovese2012comparison,
  title={A comparison of the lasso and marginal regression},
  author={Genovese, Christopher R and Jin, Jiashun and Wasserman, Larry and Yao, Zhigang},
  journal={Journal of Machine Learning Research},
  volume={13},
  number={Jun},
  pages={2107--2143},
  year={2012}
}

@article{gnedenko1943distribution,
  title={Sur la distribution limite du terme maximum d'une serie aleatoire},
  author={Gnedenko, Boris},
  journal={Annals of mathematics},
  pages={423--453},
  year={1943},
  publisher={JSTOR}
}

@article{hall2010innovated,
  title={Innovated higher criticism for detecting sparse signals in correlated noise},
  author={Hall, Peter and Jin, Jiashun},
  journal={The Annals of Statistics},
  volume={38},
  number={3},
  pages={1686--1732},
  year={2010},
  publisher={Institute of Mathematical Statistics}
}

@article{haryono2015pilot,
  title={A pilot genome-wide association study of breast cancer susceptibility loci in Indonesia},
  author={Haryono, Samuel J and Datasena, IG and Santosa, Wahyu Budi and Mulyarahardja, Raymond and Sari, Kartika},
  journal={Asian Pac J Cancer Prev},
  volume={16},
  number={6},
  pages={2231--2235},
  year={2015}
}

@article{haupt2011distilled,
  title={Distilled sensing: Adaptive sampling for sparse detection and estimation},
  author={Haupt, Jarvis and Castro, Rui M and Nowak, Robert},
  journal={IEEE Transactions on Information Theory},
  volume={57},
  number={9},
  pages={6222--6235},
  year={2011},
  publisher={IEEE}
}

@article{he2018asymptotically,
  title={Asymptotically independent u-statistics in high-dimensional testing},
  author={He, Yinqiu and Xu, Gongjun and Wu, Chong and Pan, Wei},
  journal={arXiv preprint arXiv:1809.00411},
  year={2018}
}

@article{hochberg1988sharper,
  title={A sharper Bonferroni procedure for multiple tests of significance},
  author={Hochberg, Yosef},
  journal={Biometrika},
  volume={75},
  number={4},
  pages={800--802},
  year={1988},
  publisher={Oxford University Press}
}

@article{holm1979simple,
  title={A simple sequentially rejective multiple test procedure},
  author={Holm, Sture},
  journal={Scandinavian journal of statistics},
  pages={65--70},
  year={1979},
  publisher={JSTOR}
}

@article{inglot2010inequalities,
  title={Inequalities for quantiles of the chi-square distribution},
  author={Inglot, Tadeusz},
  journal={Probability and Mathematical Statistics},
  volume={30},
  number={4},
  pages={339--351},
  year={2010}
}

@article{hsing1995note,
  title={A note on the asymptotic independence of the sum and maximum of strongly mixing stationary random variables},
  author={Hsing, Tailen},
  journal={The Annals of Probability},
  pages={938--947},
  year={1995},
  publisher={JSTOR}
}


@article{ingster1998minimax,
  title={Minimax detection of a signal for  $l^p_n$-balls},
  author={Ingster, Yu I},
  journal={Mathematical Methods of Statistics},
  volume={7},
  number={4},
  pages={401--428},
  year={1998},
  publisher={New York: Allerton Press, c1992-}
}


@article{jackson1979control,
  title={Control procedures for residuals associated with principal component analysis},
  author={Jackson, J Edward and Mudholkar, Govind S},
  journal={Technometrics},
  volume={21},
  number={3},
  pages={341--349},
  year={1979},
  publisher={Taylor \& Francis Group}
}


@article{ji2012ups,
  title={{UPS} delivers optimal phase diagram in high-dimensional variable selection},
  author={Ji, Pengsheng and Jin, Jiashun},
  journal={The Annals of Statistics},
  volume={40},
  number={1},
  pages={73--103},
  year={2012},
  publisher={Institute of Mathematical Statistics}
}


@article{jin2016rare,
  title={Rare and weak effects in large-scale inference: methods and phase diagrams},
  author={Jin, Jiashun and Ke, Zheng Tracy},
  journal={Statistica Sinica},
  pages={1--34},
  year={2016},
  publisher={JSTOR}
}

@article{jin2014optimality,
  title={Optimality of graphlet screening in high dimensional variable selection},
  author={Jin, Jiashun and Zhang, Cun-Hui and Zhang, Qi},
  journal={The Journal of Machine Learning Research},
  volume={15},
  number={1},
  pages={2723--2772},
  year={2014},
  publisher={JMLR. org}
}

@article{johnson2017gas,
  title={GAS Power Calculator: web-based power calculator for genetic association studies},
  author={Johnson, Jennifer Li and Abecasis, Goncalo R},
  journal={bioRxiv},
  pages={164343},
  year={2017},
  publisher={Cold Spring Harbor Laboratory}
}

@article{kallitsis2016amon,
  title={{AMON}: An open source architecture for online monitoring, statistical analysis, and forensics of multi-gigabit streams},
  author={Kallitsis, Michael and Stoev, Stilian A and Bhattacharya, Shrijita and Michailidis, George},
  journal={IEEE Journal on Selected Areas in Communications},
  volume={34},
  number={6},
  pages={1834--1848},
  year={2016},
  publisher={IEEE}
}


@article{kang2000line,
  title={On-line monitoring when the process yields a linear profile},
  author={Kang, Lan and Albin, Susan L},
  journal={Journal of quality Technology},
  volume={32},
  number={4},
  pages={418},
  year={2000},
  publisher={American Society for Quality}
}

@article{kartsioukas2019rate,
  title={On the rate of concentration of maxima in Gaussian arrays},
  author={Kartsioukas, Rafail and Gao, Zheng and Stoev, Stilian},
  journal={arXiv preprint arXiv:1910.04259},
  year={2019}
}

@article{kazor2016comparison,
  title={Comparison of linear and nonlinear dimension reduction techniques for automated process monitoring of a decentralized wastewater treatment facility},
  author={Kazor, Karen and Holloway, Ryan W and Cath, Tzahi Y and Hering, Amanda S},
  journal={Stochastic environmental research and risk assessment},
  volume={30},
  number={5},
  pages={1527--1544},
  year={2016},
  publisher={Springer}
}

@inproceedings{krishnamurthy2003sketch,
  title={Sketch-based change detection: methods, evaluation, and applications},
  author={Krishnamurthy, Balachander and Sen, Subhabrata and Zhang, Yin and Chen, Yan},
  booktitle={Proceedings of the 3rd ACM SIGCOMM conference on Internet measurement},
  pages={234--247},
  year={2003},
  organization={ACM}
}

@article{lan2009change,
  title={Change-point estimation under adaptive sampling},
  author={Lan, Yan and Banerjee, Moulinath and Michailidis, George},
  journal={The Annals of Statistics},
  volume={37},
  number={4},
  pages={1752--1791},
  year={2009},
  publisher={Institute of Mathematical Statistics}
}

@inproceedings{lakhina2005mining,
  title={Mining anomalies using traffic feature distributions},
  author={Lakhina, Anukool and Crovella, Mark and Diot, Christophe},
  booktitle={ACM SIGCOMM Computer Communication Review},
  volume={35},
  number={4},
  pages={217--228},
  year={2005},
  organization={ACM}
}

@article{leadbetter1988extremal,
  title={Extremal theory for stochastic processes},
  author={Leadbetter, MR and Rootzen, Holger},
  journal={The Annals of Probability},
  pages={431--478},
  year={1988},
  publisher={JSTOR}
}

@book{leadbetter2012extremes,
  AUTHOR = {Leadbetter, M. R. and Lindgren, Georg and Rootz\'{e}n, Holger},
     TITLE = {Extremes and related properties of random sequences and
              processes},
    SERIES = {Springer Series in Statistics},
 PUBLISHER = {Springer-Verlag, New York-Berlin},
      YEAR = {1983},
     PAGES = {xii+336},
      ISBN = {0-387-90731-9},
   MRCLASS = {60F05 (60G15 62G30)},
  MRNUMBER = {691492},
MRREVIEWER = {Simeon M. Berman},
}

@inproceedings{li2006detection,
  title={Detection and identification of network anomalies using sketch subspaces},
  author={Li, Xin and Bian, Fang and Crovella, Mark and Diot, Christophe and Govindan, Ramesh and Iannaccone, Gianluca and Lakhina, Anukool},
  booktitle={Proceedings of the 6th ACM SIGCOMM conference on Internet measurement},
  pages={147--152},
  year={2006},
  organization={ACM}
}

@article{li2012multiple,
  title={Multiple attribute control charts with false discovery rate control},
  author={Li, Yanting and Tsung, Fugee},
  journal={Quality and Reliability Engineering International},
  volume={28},
  number={8},
  pages={857--871},
  year={2012},
  publisher={Wiley Online Library}
}

@article{macarthur2016new,
  title={The new NHGRI-EBI Catalog of published genome-wide association studies (GWAS Catalog)},
  author={MacArthur, Jacqueline and Bowler, Emily and Cerezo, Maria and Gil, Laurent and Hall, Peggy and Hastings, Emma and Junkins, Heather and McMahon, Aoife and Milano, Annalisa and Morales, Joannella},
  journal={Nucleic acids research},
  volume={45},
  number={D1},
  pages={D896--D901},
  year={2016},
  publisher={Oxford University Press}
}

@article{meinshausen2006high,
  title={High-dimensional graphs and variable selection with the lasso},
  author={Meinshausen, Nicolai and B{\"u}hlmann, Peter},
  journal={The annals of statistics},
  volume={34},
  number={3},
  pages={1436--1462},
  year={2006},
  publisher={Institute of Mathematical Statistics}
}

@article{michailidou2017association,
  title={Association analysis identifies 65 new breast cancer risk loci},
  author={Michailidou, Kyriaki and Lindstr{\"o}m, Sara and Dennis, Joe and Beesley, Jonathan and Hui, Shirley and Kar, Siddhartha and Lema{\c{c}}on, Audrey and Soucy, Penny and Glubb, Dylan and Rostamianfar, Asha},
  journal={Nature},
  volume={551},
  number={7678},
  pages={92},
  year={2017},
  publisher={Nature Publishing Group}
}

@book{mccormick1976weak,
  title={On weak convergence of the maximum},
  author={McCormick, WP and Mittal, Yashaswini},
  year={1976},
  publisher={Stanford University. Department of Statistics}
}

@book{montgomery2009statistical,
  title={Statistical quality control},
  author={Montgomery, Douglas C},
  volume={7},
  year={2009},
  publisher={Wiley New York}
}

@article{narayan2015two,
  title={Two sample inference for populations of graphical models with applications to functional connectivity},
  author={Narayan, Manjari and Allen, Genevera I and Tomson, Steffie},
  journal={arXiv preprint arXiv:1502.03853},
  year={2015}
}

@article{neuvial2012false,
  title={On false discovery rate thresholding for classification under sparsity},
  author={Neuvial, Pierre and Roquain, Etienne},
  journal={The Annals of Statistics},
  volume={40},
  number={5},
  pages={2572--2600},
  year={2012},
  publisher={Institute of Mathematical Statistics}
}

@article{nichols2003controlling,
  title={Controlling the familywise error rate in functional neuroimaging: a comparative review},
  author={Nichols, Thomas and Hayasaka, Satoru},
  journal={Statistical methods in medical research},
  volume={12},
  number={5},
  pages={419--446},
  year={2003},
  publisher={Sage Publications Sage CA: Thousand Oaks, CA}
}

@incollection{ramsey2009problem,
  title={On a problem of formal logic},
  author={Ramsey, Frank P},
  booktitle={Classic Papers in Combinatorics},
  pages={1--24},
  year={2009},
  publisher={Springer}
}

@article{rabinovich2017optimal,
  title={Optimal rates and tradeoffs in multiple testing},
  author={Rabinovich, Maxim and Ramdas, Aaditya and Jordan, Michael I and Wainwright, Martin J},
  journal={arXiv preprint arXiv:1705.05391},
  year={2017}
}

@article{resnick1973almost,
  title={Almost sure stability of maxima},
  author={Resnick, Sidney I and Tomkins, RJ},
  journal={Journal of Applied Probability},
  volume={10},
  number={2},
  pages={387--401},
  year={1973},
  publisher={Cambridge University Press}
}

@book{resnick2013extreme,
  title={Extreme values, regular variation and point processes},
  author={Resnick, Sidney I},
  year={2013},
  publisher={Springer}
}

@article{robbins1955remark,
  title={A remark on {S}tirling's formula},
  author={Robbins, Herbert},
  journal={The American mathematical monthly},
  volume={62},
  number={1},
  pages={26--29},
  year={1955},
  publisher={JSTOR}
}

@article{roquain2011type,
  title={Type {I} error rate control for testing many hypotheses: a survey with proofs},
  author={Roquain, Etienne},
  journal={Journal de la Soci{\'e}t{\'e} Fran{\c{c}}aise de Statistique},
  volume={152},
  number={2},
  pages={3--38},
  year={2011}
}

@article{skorokhod1956limit,
  title={Limit theorems for stochastic processes},
  author={Skorokhod, Anatoly V},
  journal={Theory of Probability \& Its Applications},
  volume={1},
  number={3},
  pages={261--290},
  year={1956},
  publisher={SIAM}
}

@article{slepian1962one,
  title={The one-sided barrier problem for Gaussian noise},
  author={Slepian, David},
  journal={Bell Labs Technical Journal},
  volume={41},
  number={2},
  pages={463--501},
  year={1962},
  publisher={Wiley Online Library}
}

@article{smirnov1948table,
  title={Table for estimating the goodness of fit of empirical distributions},
  author={Smirnov, Nickolay},
  journal={The annals of mathematical statistics},
  volume={19},
  number={2},
  pages={279--281},
  year={1948},
  publisher={JSTOR}
}

@article{spencer2009designing,
  title={Designing genome-wide association studies: sample size, power, imputation, and the choice of genotyping chip},
  author={Spencer, Chris CA and Su, Zhan and Donnelly, Peter and Marchini, Jonathan},
  journal={PLoS genetics},
  volume={5},
  number={5},
  pages={e1000477},
  year={2009},
  publisher={Public Library of Science}
}

@article{storey2007optimal,
  title={The optimal discovery procedure: a new approach to simultaneous significance testing},
  author={Storey, John D},
  journal={Journal of the Royal Statistical Society: Series B (Statistical Methodology)},
  volume={69},
  number={3},
  pages={347--368},
  year={2007},
  publisher={Wiley Online Library}
}

@inproceedings{sun2006beyond,
  title={Beyond streams and graphs: dynamic tensor analysis},
  author={Sun, Jimeng and Tao, Dacheng and Faloutsos, Christos},
  booktitle={Proceedings of the 12th ACM SIGKDD international conference on Knowledge discovery and data mining},
  pages={374--383},
  year={2006},
  organization={ACM}
}

@article{sun2007oracle,
  title={Oracle and adaptive compound decision rules for false discovery rate control},
  author={Sun, Wenguang and Cai, T Tony},
  journal={Journal of the American Statistical Association},
  volume={102},
  number={479},
  pages={901--912},
  year={2007},
  publisher={Taylor \& Francis}
}

@article{tanguy2015some,
  title={Some superconcentration inequalities for extrema of stationary gaussian processes},
  author={Tanguy, Kevin},
  journal={Statistics \& Probability Letters},
  volume={106},
  pages={239--246},
  year={2015},
  publisher={Elsevier}
}

@incollection{taqqu2003livre,
  Author = {Taqqu, Murad S.},
  Booktitle = {{\it Theory and Applications of Long-range Dependence}},
  Editor = {P. Doukhan and G. Oppenheim and M. S. Taqqu},
  Pages = {5-38},
  Publisher = {Birkh{\"a}user},
  Title = {Fractional {B}rownian motion and long-range dependence},
  Year = 2003
}


@article{tsagris2014folded,
  title={On the folded normal distribution},
  author={Tsagris, Michail and Beneki, Christina and Hassani, Hossein},
  journal={Mathematics},
  volume={2},
  number={1},
  pages={12--28},
  year={2014},
  publisher={Multidisciplinary Digital Publishing Institute}
}

@incollection{tukey1976lecture,
  author={Tukey, John W},
  title={T13{N}: The higher criticism},
  year=1976,
  booktitle={Statistics 411, Princeton University Lecture notes}
}

@article{vsidak1967rectangular,
  title={Rectangular confidence regions for the means of multivariate normal distributions},
  author={{\v{S}}id{\'a}k, Zbyn{\v{e}}k},
  journal={Journal of the American Statistical Association},
  volume={62},
  number={318},
  pages={626--633},
  year={1967},
  publisher={Taylor \& Francis Group}
}

@article{wainwright2009sharp,
  title={Sharp thresholds for High-Dimensional and noisy sparsity recovery using $\ell_1$-Constrained Quadratic Programming (Lasso)},
  author={Wainwright, Martin J},
  journal={IEEE transactions on information theory},
  volume={55},
  number={5},
  pages={2183--2202},
  year={2009},
  publisher={IEEE}
}

@article{wainwright2009information,
  title={Information-theoretic limits on sparsity recovery in the high-dimensional and noisy setting},
  author={Wainwright, Martin J},
  journal={IEEE Transactions on Information Theory},
  volume={55},
  number={12},
  pages={5728--5741},
  year={2009},
  publisher={IEEE}
}

@book{wainwright2019high,
  title = {High-dimensional statistics: {A} non-asymptotic viewpoint},
  author = {Wainwright, Martin J},
  publisher = {Cambridge University Press},
  address = {Cambridge, {U}{K}},
  year = {2019}
}


@article{wasserman2009high,
  title={High dimensional variable selection},
  author={Wasserman, Larry and Roeder, Kathryn},
  journal={Annals of statistics},
  volume={37},
  number={5A},
  pages={2178},
  year={2009},
  publisher={NIH Public Access}
}

@book{witting2013mathematische,
  title={Mathematische statistik {I}: parametrische verfahren bei festem stichprobenumfang},
  author={Witting, Hermann},
  year={2013},
  publisher={Springer-Verlag}
}

@article{wu2019adaptive,
  title={An adaptive test on high-dimensional parameters in generalized linear models},
  author={Wu, Chong and Xu, Gongjun and Pan, Wei},
  journal={Statistica Sinica},
  volume={29},
  pages={2163--2186},
  year={2019}
}

@article{xu2016adaptive,
  title={An adaptive two-sample test for high-dimensional means},
  author={Xu, Gongjun and Lin, Lifeng and Wei, Peng and Pan, Wei},
  journal={Biometrika},
  volume={103},
  number={3},
  pages={609--624},
  year={2016},
  publisher={Oxford University Press}
}

@article{yu2014useful,
  title={A useful variant of the {D}avis--{K}ahan theorem for statisticians},
  author={Yu, Yi and Wang, Tengyao and Samworth, Richard J},
  journal={Biometrika},
  volume={102},
  number={2},
  pages={315--323},
  year={2014},
  publisher={Oxford University Press}
}

@inproceedings{xu2010robust,
  title={Robust {PCA} via outlier pursuit},
  author={Xu, Huan and Caramanis, Constantine and Sanghavi, Sujay},
  booktitle={Advances in Neural Information Processing Systems},
  pages={2496--2504},
  year={2010}
}


@article{zhang2002powerful,
  title={Powerful goodness-of-fit tests based on the likelihood ratio},
  author={Zhang, Jin},
  journal={Journal of the Royal Statistical Society: Series B (Statistical Methodology)},
  volume={64},
  number={2},
  pages={281--294},
  year={2002},
  publisher={Wiley Online Library}
}

@article{zhao2006model,
  title={On model selection consistency of Lasso},
  author={Zhao, Peng and Yu, Bin},
  journal={Journal of Machine learning research},
  volume={7},
  number={Nov},
  pages={2541--2563},
  year={2006}
}

@article{zhong2013tests,
  title={Tests alternative to higher criticism for high-dimensional means under sparsity and column-wise dependence},
  author={Zhong, Ping-Shou and Chen, Song Xi and Xu, Minya},
  journal={The Annals of Statistics},
  volume={41},
  number={6},
  pages={2820--2851},
  year={2013},
  publisher={Institute of Mathematical Statistics}
}

@inproceedings{zhou2010stable,
  title={Stable principal component pursuit},
  author={Zhou, Zihan and Li, Xiaodong and Wright, John and Cand{\`e}s, Emmanuel and Ma, Yi},
  booktitle={Information Theory Proceedings (ISIT), 2010 IEEE International Symposium on},
  pages={1518--1522},
  year={2010},
  organization={IEEE}
}

@book {chatterjee:2014,
    AUTHOR = {Chatterjee, Sourav},
     TITLE = {Superconcentration and related topics},
    SERIES = {Springer Monographs in Mathematics},
 PUBLISHER = {Springer, Cham},
      YEAR = {2014},
     PAGES = {x+156},
      ISBN = {978-3-319-03885-8; 978-3-319-03886-5},
   MRCLASS = {60E15 (60G15 60G60 60G70 60K35)},
  MRNUMBER = {3157205},
MRREVIEWER = {Vladislav Kargin},
       DOI = {10.1007/978-3-319-03886-5},
       URL = {https://doi.org/10.1007/978-3-319-03886-5},
}


@article {tanguy:2015,
    AUTHOR = {Tanguy, Kevin},
     TITLE = {Some superconcentration inequalities for extrema of stationary
              {G}aussian processes},
   JOURNAL = {Statist. Probab. Lett.},
  FJOURNAL = {Statistics \& Probability Letters},
    VOLUME = {106},
      YEAR = {2015},
     PAGES = {239--246},
      ISSN = {0167-7152},
   MRCLASS = {60G15 (60E15 60G10 60G70)},
  MRNUMBER = {3389997},
MRREVIEWER = {Sreenivasan Ravi},
       DOI = {10.1016/j.spl.2015.07.028},
       URL = {https://doi.org/10.1016/j.spl.2015.07.028},
}


@book {dedecker:doukhan:etal:2007,
    AUTHOR = {Dedecker, J\'{e}r\^{o}me and Doukhan, Paul and Lang, Gabriel and Le\'{o}n
              R., Jos\'{e} Rafael and Louhichi, Sana and Prieur, Cl\'{e}mentine},
     TITLE = {Weak dependence: with examples and applications},
    SERIES = {Lecture Notes in Statistics},
    VOLUME = {190},
 PUBLISHER = {Springer, New York},
      YEAR = {2007},
     PAGES = {xiv+318},
      ISBN = {978-0-387-69951-6},
   MRCLASS = {62-02 (60F05 60F15 62M10)},
  MRNUMBER = {2338725},
MRREVIEWER = {Lajos Horv\'{a}th},
}

@book {pipiras:taqqu:2017,
    AUTHOR = {Pipiras, Vladas and Taqqu, Murad S.},
     TITLE = {Long-range dependence and self-similarity},
    SERIES = {Cambridge Series in Statistical and Probabilistic Mathematics,
              [45]},
 PUBLISHER = {Cambridge University Press, Cambridge},
      YEAR = {2017},
     PAGES = {xxiii+668},
      ISBN = {978-1-107-03946-9},
   MRCLASS = {60G22 (60Fxx 60G18 60H07 62M05 62M10)},
  MRNUMBER = {3729426},
MRREVIEWER = {Georgiy M. Shevchenko},
}

@article {klass:1984,
    AUTHOR = {Klass, Michael J.},
     TITLE = {The minimal growth rate of partial maxima},
   JOURNAL = {Ann. Probab.},
  FJOURNAL = {The Annals of Probability},
    VOLUME = {12},
      YEAR = {1984},
    NUMBER = {2},
     PAGES = {380--389},
      ISSN = {0091-1798},
   MRCLASS = {60F15 (60F20 60G50)},
  MRNUMBER = {735844},
MRREVIEWER = {Zheng Yan Lin},
       URL =
              {http://links.jstor.org/sici?sici=0091-1798(198405)12:2<380:TMGROP>2.0.CO;2-S&origin=MSN},
}

@article{naveau2003almost,
       title={Almost sure relative stability of the maximum of a stationary sequence},
       author={Naveau, Philippe},
       journal={Advances in Applied Probability},
       volume={35},
       number={3},
       pages={721--736},
       year={2003},
       publisher={Cambridge University Press}
}



